<record><leader>00000cas a2200000Ma 4500</leader><controlfield tag="001">11076005</controlfield><controlfield tag="008">840821d18261827nhuwr ne      0    0eng d</controlfield><datafield ind1=" " ind2=" " tag="010"><subfield code="a">sn 84037851 </subfield></datafield><datafield ind1=" " ind2=" " tag="040"><subfield code="a">AQM</subfield><subfield code="b">eng</subfield><subfield code="c">AQM</subfield><subfield code="d">OCLCQ</subfield></datafield><datafield ind1="0" ind2="0" tag="245"><subfield code="a">Nashua constellation.</subfield></datafield><datafield ind1="1" ind2="3" tag="246"><subfield code="a">Constellation and Nashua gazette</subfield></datafield><datafield ind1=" " ind2=" " tag="260"><subfield code="a">Dunstable [i.e. Nashua], N.H. :</subfield><subfield code="b">Brown &amp; Crosman</subfield></datafield><datafield ind1=" " ind2=" " tag="300"><subfield code="a">v.</subfield></datafield><datafield ind1=" " ind2=" " tag="310"><subfield code="a">Weekly</subfield></datafield><datafield ind1="1" ind2=" " tag="362"><subfield code="a">Began with Dec. 16, 1826 issue; ceased with Aug. 11, 1827 issue.</subfield><subfield code="z">Cf. Amer. newspapers, 1821-1936.</subfield></datafield><datafield ind1=" " ind2=" " tag="500"><subfield code="a">Published as: Constellation and Nashua gazette, Jan. 6-Aug. 11, 1827.</subfield></datafield><datafield ind1=" " ind2=" " tag="500"><subfield code="a">Editors: Brown &amp; Crosman, 1826.</subfield></datafield><datafield ind1=" " ind2=" " tag="500"><subfield code="a">Publishers: W.A. Brown, 1826-1827; Thayer &amp; Wiggin, 1827.</subfield></datafield><datafield ind1=" " ind2=" " tag="588"><subfield code="a">Description based on: Vol. 1, no. 2 (Dec. 23, 1826).</subfield></datafield><datafield ind1=" " ind2="7" tag="655"><subfield code="a">Newspapers.</subfield><subfield code="2">rbgenr</subfield></datafield><datafield ind1=" " ind2=" " tag="752"><subfield code="a">United States</subfield><subfield code="b">New Hampshire</subfield><subfield code="c">Hillsboro</subfield><subfield code="d">Nashua.</subfield></datafield><datafield ind1=" " ind2=" " tag="752"><subfield code="a">United States</subfield><subfield code="b">New Hampshire</subfield><subfield code="c">Hillsboro</subfield><subfield code="d">Dunstable.</subfield></datafield><datafield ind1="0" ind2="0" tag="785"><subfield code="t">Nashua gazette and Hillsborough County advertiser (Nashua, N.H. : 1827)</subfield><subfield code="w">(DLC)sn 84020497</subfield></datafield><datafield ind1="1" ind2=" " tag="029"><subfield code="a">AU@</subfield><subfield code="b">000025816494</subfield></datafield></record>